<?xml version="1.0" encoding="UTF-8"?><collection xmlns="http://www.loc.gov/MARC21/slim"><record><leader>00496nam--2200169-i-4500</leader><controlfield tag="001">000003455</controlfield><controlfield tag="002">20161230</controlfield><controlfield tag="005">20161230201025</controlfield><controlfield tag="008">060222s1000------------r-----000-0-eng-d</controlfield><datafield ind1=" " ind2=" " tag="040"><subfield code="a">IFIN-HH</subfield></datafield><datafield ind1=" " ind2=" " tag="080"><subfield code="a">535.8</subfield></datafield><datafield ind1="1" ind2=" " tag="100"><subfield code="a">Brown, Earle B</subfield></datafield><datafield ind1="1" ind2="0" tag="245"><subfield code="a">Optical instruments</subfield><subfield code="b">With a foreword by james g.baker. illustrated by the author</subfield><subfield code="c">Earle b. brown</subfield></datafield><datafield ind1=" " ind2=" " tag="260"><subfield code="a">Brooklyn, N.Y</subfield><subfield code="b">Chemical Publishing Co., Inc</subfield><subfield code="c">1945</subfield></datafield><datafield ind1=" " ind2=" " tag="300"><subfield code="a">XII + 567 P</subfield></datafield><datafield ind1=" " ind2=" " tag="852"><subfield code="a">677</subfield><subfield code="c">535</subfield></datafield><datafield ind1=" " ind2=" " tag="CAT"><subfield code="a">Sys</subfield><subfield code="c">20101014</subfield><subfield code="h">135017</subfield></datafield></record></collection>